% Exemplos de referências podem ser encontrados em: https://verbosus.com/bibtex-style-examples.html

@book{pombo1993interdisciplinaridade,
  title={A interdisciplinaridade: reflexão e experiência},
  author={Pombo, O. and Guimarães, H.M. and Levy, T.},
  isbn={9789724704623},
  lccn={93248319},
  series={Educação hoje},
  year={1993},
  publisher={Texto Editora}
}


@book{unesco2024ai,
  author    = {UNESCO},
  title     = {AI competency framework for students},
  address   = {Paris},
  publisher = {UNESCO},
  year      = {2024},
  pages     = {80},
  isbn      = {978-92-3-100709-5},
  doi       = {10.54675/JKJB9835},
  url       = {https://unesdoc.unesco.org/ark:/48223/pf0000391105}
}


@book{bender2014aprendizagem,
  title={Aprendizagem baseada em projetos: Educação diferenciada para o século XXI},
  author={Bender, W.N.},
  isbn={9788584290000},
  year={2014},
  publisher={Penso Editora}
}


@article{diesel2017metodologias,
  title     = {Os princípios das metodologias ativas de ensino: uma abordagem teórica},
  author    = {Diesel, A. and Baldez, A. L. S. and Martins, S. N.},
  journal   = {Revista Thema},
  volume    = {14},
  number    = {1},
  pages     = {268--288},
  year      = {2017},
  doi       = {10.15536/thema.14.2017.268-288.404},
  url       = {https://doi.org/10.15536/thema.14.2017.268-288.404}
}

@misc{lyceum2017metodologias,
  author       = {{Equipe Lyceum}},
  title        = {Conheça a importância e o papel das Metodologias Ativas de Aprendizagem},
  year         = {2017},
  howpublished = {Blog Lyceum},
  url          = {https://blog.lyceum.com.br/metodologias-ativas-de-aprendizagem/},
  note         = {Acesso em: 11 maio 2025}
}

@misc{ufc1994resolucao07,
  author       = {{Universidade Federal do Ceará}},
  title        = {Resolução n.º 07/CEPE, de 08 de abril de 1994},
  howpublished = {\url{https://prograd.ufc.br/wp-content/uploads/2019/04/resolucao-007-1994-consuni-unidades-curriculares.pdf}},
  note         = {Baixa normas sobre as Unidades Curriculares dos Cursos de Graduação},
  year         = {1994},
  month        = apr,
  organization = {Universidade Federal do Ceará},
  keywords     = {Unidades Curriculares, Graduação, Universidade Federal do Ceará},
  language     = {portuguese}
}

@misc{ufc2014resolucao04,
  author       = {{Universidade Federal do Ceará}},
  title        = {Resolução nº 04/CEPE, de 27 de fevereiro de 2014},
  year         = {2014},
  howpublished = {\url{https://www.ufc.br/images/_files/a_universidade/cepe/resolucao_cepe_2014/resolucao04_cepe_2014.pdf}},
  note         = {Baixa normas que disciplinam as atividades de extensão da Universidade Federal do Ceará. Acesso em: 13 maio 2025}
}

@misc{ufc2016resolucao03,
  author       = {{Universidade Federal do Ceará}},
  title        = {Resolução n.º 03/CEPE, de 29 de janeiro de 2016},
  howpublished = {\url{https://prograd.ufc.br/wp-content/uploads/2019/03/resolucao-003-2016-cepe-unidades-curriculares.pdf}},
  note         = {Altera a Resolução n.º 07/CEPE, de 08 de abril de 1994, que baixa normas sobre as Unidades Curriculares dos Cursos de Graduação},
  year         = {2016},
  month        = jan,
  day          = {29},
  organization = {Universidade Federal do Ceará},
  keywords     = {Unidades Curriculares, Graduação, Universidade Federal do Ceará},
  language     = {portuguese}
}


@misc{ufc2017resolucao28,
  author       = {{Universidade Federal do Ceará}},
  title        = {Resolução nº 28/CEPE, de 1º de dezembro de 2017},
  year         = {2017},
  howpublished = {\url{https://prex.ufc.br/wp-content/uploads/2018/01/ufc-resolucao-28-1dez17-curricularizacao.pdf}},
  note         = {Dispõe sobre a curricularização da extensão nos cursos de graduação da Universidade Federal do Ceará. Acesso em: 13 maio 2025}
}

@misc{ufc2025estatuto,
  author       = {{Universidade Federal do Ceará}},
  title        = {Estatuto da Universidade Federal do Ceará},
  year         = {2025},
  institution  = {Universidade Federal do Ceará},
  note         = {Atualizado em 28 de abril de 2025},
  howpublished = {\url{https://www.ufc.br/a-universidade/documentos-oficiais/327-estatuto-da-ufc}}
}


@misc{forproex2012,
  author       = {{Brasil. Fórum de Pró-Reitores de Extensão das Instituições Públicas de Educação Superior Brasileiras (FORPROEX)}},
  title        = {Política Nacional de Extensão Universitária},
  year         = {2012},
  howpublished = {\url{https://www.unirio.br/proreitoriadeextensaoecultura/curricularizacao-da-extensao/documentos-normativos/PoliticaNacionaldeExtensaoUniversitaria2012ebook.pdf/view}},
  note         = {Acesso em: 13 maio 2025}
}



@misc{cne2001parecer9,
  author       = {{Brasil. Conselho Nacional de Educação}},
  title        = {Parecer CNE/CP nº 009, de 8 de maio de 2001},
  year         = {2001},
  howpublished = {\url{http://portal.mec.gov.br/index.php?option=com_docman&view=download&alias=439-pc009-01-pdf&category_slug=maio-2001-pdf&Itemid=30192}},
  note         = {Estabelece fundamentos, princípios e critérios para a formulação das Diretrizes Curriculares Nacionais dos cursos de graduação. Acesso em: 13 maio 2025}
}


@misc{brasil2014pne,
  author       = {{Brasil}},
  title        = {Plano Nacional de Educação: Lei nº 13.005, de 25 de junho de 2014},
  year         = {2014},
  howpublished = {\url{https://www.planalto.gov.br/ccivil_03/_ato2011-2014/2014/lei/l13005.htm}},
  note         = {Acesso em: 13 maio 2025}
}

@book{cabralneto2004flexibilizacao,
  author    = {Cabral Neto, Antônio (org.)},
  title     = {Flexibilização curricular: cenários e desafios},
  edition   = {2. ed.},
  publisher = {EDUFRN},
  year      = {2004},
  address   = {Natal}
}


@misc{brasil2012dcnedh,
  author       = {{Brasil}},
  title        = {Diretrizes Curriculares Nacionais para a Educação em Direitos Humanos},
  year         = {2012},
  publisher    = {Ministério da Educação, Conselho Nacional de Educação},
  howpublished = {Resolução CNE/CP nº 1, de 30 de maio de 2012},
  note         = {Homologada e publicada no Diário Oficial da União em 15 de outubro de 2012},
  url          = {http://portal.mec.gov.br/index.php?option=com_docman&view=download&alias=12312-resolucao-cne-cp-01-12&Itemid=30192}
}


@book{depresbiteris2017diversificar,
  title={Diversificar é preciso...: Instrumentos e técnicas de avaliação de aprendizagem},
  author={Depresbiteris, L. and Tavares, M.R.},
  isbn={9788539604722},
  year={2017},
  publisher={Editora Senac São Paulo}
}

@book{russell2014avaliacao,
  title={Avaliação em Sala de Aula - 7ed: Conceitos e Aplicações},
  author={Russell, M.K. and Airasian, P.W.},
  isbn={9788580553130},
  year={2014},
  publisher={AMGH}
}

@misc{brasil2008lei11788,
  author       = {{Brasil}},
  title        = {{Lei n.º 11.788, de 25 de setembro de 2008}},
  howpublished = {\url{https://www.planalto.gov.br/ccivil_03/_ato2007-2010/2008/lei/l11788.htm}},
  year         = {2008},
  month        = {setembro},
  urldate      = {2025-05-11}
}

@misc{brasil2016lei13409,
  author       = {{BRASIL}},
  title        = {Lei nº 13.409, de 28 de dezembro de 2016},
  year         = {2016},
  howpublished = {Diário Oficial da União: seção 1, Brasília, DF, 29 dez. 2016},
  url          = {http://www.planalto.gov.br/ccivil_03/_ato2015-2018/2016/lei/L13409.htm},
  note         = {Disponível em: \url{http://www.planalto.gov.br/ccivil_03/_ato2015-2018/2016/lei/L13409.htm}. Acesso em: 11 maio 2025}
}


@misc{ufc_resolucao_12_cepe_2008,
  title        = {Resolução nº 12/CEPE, de 19 de junho de 2008},
  author       = {{Universidade Federal do Ceará}},
  year         = {2008},
  note         = {Dispõe sobre procedimentos a serem adotados em casos de reprovação por frequência na UFC},
  url          = {https://www.ufc.br/images/_files/a_universidade/cepe/resolucao_cepe_2008/resolucao12_cepe_2008.pdf},
  howpublished = {\url{https://www.ufc.br/images/_files/a_universidade/cepe/resolucao_cepe_2008/resolucao12_cepe_2008.pdf}},
  institution  = {Universidade Federal do Ceará},
  location     = {Fortaleza, CE}
}

@misc{ufc2009resolucao32,
  author       = {{Universidade Federal do Ceará}},
  title        = {{Resolução n.º 32/CEPE, de 30 de outubro de 2009}},
  howpublished = {\url{https://estagios.ufc.br/wp-content/uploads/2024/02/ufc-resolucao-32-cepe-30.10.2009-estagio.pdf}},
  note         = {Disciplina o Programa de Estágio Curricular Supervisionado para os estudantes dos cursos regulares da UFC},
  year         = {2009},
  month        = {outubro},
  urldate      = {2025-05-11}
}

@misc{ufc_resolucao_09_cepe_2012,
  title        = {Resolução nº 09/CEPE, de 1º de novembro de 2012},
  author       = {{Universidade Federal do Ceará}},
  year         = {2012},
  note         = {Autoriza a abreviação de estudos em cursos de graduação da UFC para alunos com extraordinário desempenho acadêmico, nas condições que especifica},
  url          = {https://www.ufc.br/images/_files/a_universidade/cepe/resolucao_cepe_2012/resolucao09_cepe_2012.pdf},
  howpublished = {\url{https://www.ufc.br/images/_files/a_universidade/cepe/resolucao_cepe_2012/resolucao09_cepe_2012.pdf}},
  institution  = {Universidade Federal do Ceará},
  location     = {Fortaleza, CE}
}

@misc{ufc_regimento_geral_2019,
  title        = {Regimento Geral da Universidade Federal do Ceará},
  author       = {{Universidade Federal do Ceará}},
  year         = {2019},
  note         = {Revisto e atualizado em 28 de agosto de 2019},
  url          = {https://www.ufc.br/images/_files/a_universidade/regimento_geral_ufc/regimento_geral_ufc.pdf},
  howpublished = {\url{https://www.ufc.br/images/_files/a_universidade/regimento_geral_ufc/regimento_geral_ufc.pdf}},
  institution  = {Universidade Federal do Ceará},
  location     = {Fortaleza, CE}
}


@book{sbc2024,
  author       = {{Sociedade Brasileira de Computação}},
  title        = {Referenciais de Formação para o Curso de Bacharelado em Inteligência Artificial},
  year         = {2024},
  publisher    = {Sociedade Brasileira de Computação (SBC)},
  address      = {Porto Alegre},
  pages        = {53},
  doi          = {10.5753/sbc.ref.2024.139}
}

@misc{DCN16,
  author       = {Brasil},
  title        = {Resolução CNE/CES nº 5, de 16 de novembro de 2016},
  howpublished = {Diário Oficial da União, Brasília, Seção 1, p. 22–24},
  year         = {2016},
  month        = nov,
  day          = 17,
  url          = {https://normativasconselhos.mec.gov.br/normativa/pdf/CNE_RES_CNECESN52016.pdf},
}

@article{floridi2018ai4people,
  author  = {Luciano Floridi and Josh Cowls and Monica Beltrametti and Raja Chatila and Patrice Chazerand and Virginia Dignum and Christoph Luetge and Ugo Pagallo and Stuart Russell and Johan Sadeleer and Peter Singer and Mariarosaria Taddeo and Roberto Verganti and Nicolas Vincent},
  title   = {AI4People—An Ethical Framework for a Good AI Society: Opportunities, Risks, Principles, and Recommendations},
  journal = {Minds and Machines},
  volume  = {28},
  pages   = {689--707},
  year    = {2018},
  doi     = {10.1007/s11023-018-9482-5}
}


@misc{eu_ai_act_2021,
  author       = {União Europeia},
  title        = {Proposal for a Regulation of the European Parliament and of the Council on establishing harmonized rules on artificial intelligence (Artificial Intelligence Act) and amending certain union legislative acts},
  year         = {2021},
  month        = {4},
  day          = {21},
  howpublished = {\url{https://eur-lex.europa.eu/resource.html?uri=cellar:e0649735-a372-11eb-9585-01aa75ed71a1.0001.02/DOC_1&format=PDF}},
  note         = {Acesso em: 6 maio 2025}
}


@book{poole2017ai,
  author    = {David L. Poole and Alan K. Mackworth},
  title     = {Artificial Intelligence: Foundations of Computational Agents},
  edition   = {2},
  year      = {2017},
  publisher = {Cambridge University Press},
  url       = {https://artint.info/}
}


@article{mittelstadt2016ethics,
  author  = {Brent D. Mittelstadt and Patrick Allo and Mariarosaria Taddeo and Sandra Wachter and Luciano Floridi},
  title   = {The Ethics of Algorithms: Mapping the Debate},
  journal = {Big Data \& Society},
  volume  = {3},
  number  = {2},
  year    = {2016},
  doi     = {10.1177/2053951716679679}
}


@article{lecun2015deep,
  title={Deep learning},
  author={LeCun, Yann and Bengio, Yoshua and Hinton, Geoffrey},
  journal={nature},
  volume={521},
  number={7553},
  pages={436--444},
  year={2015},
  publisher={Nature Publishing Group UK London}
}

@article{rumelhart1986learning,
  title={Learning representations by back-propagating errors},
  author={Rumelhart, David E and Hinton, Geoffrey E and Williams, Ronald J},
  journal={nature},
  volume={323},
  number={6088},
  pages={533--536},
  year={1986},
  publisher={Nature Publishing Group UK London}
}


@article{rosenblatt1958perceptron,
  title={The perceptron: a probabilistic model for information storage and organization in the brain.},
  author={Rosenblatt, Frank},
  journal={Psychological review},
  volume={65},
  number={6},
  pages={386},
  year={1958},
  publisher={American Psychological Association}
}

@article{mccarthy2006proposal,
  title={A proposal for the dartmouth summer research project on artificial intelligence, august 31, 1955},
  author={McCarthy, John and Minsky, Marvin L and Rochester, Nathaniel and Shannon, Claude E},
  journal={AI magazine},
  volume={27},
  number={4},
  pages={12--12},
  year={2006}
}

@misc{ufrn_bia,
  author       = {{Instituto Metrópole Digital}},
  title        = {Bacharelado em Inteligência Artificial (BIA)},
  howpublished = {\url{https://www.metropoledigital.ufrn.br/portal/ensino/graduacao/bia}},
  note         = {Acesso em: 6 maio 2025},
  year         = {2025}
}


@misc{ufg_bia,
  author       = {{Universidade Federal de Goiás}},
  title        = {Bacharelado em Inteligência Artificial - INF/UFG},
  year         = {2025},
  howpublished = {\url{https://inteligenciaartificial.inf.ufg.br/}},
  note         = {Acesso em: 3 maio 2025}
}


@misc{cmu_bsai,
  title        = {B.S. in Artificial Intelligence},
  author       = {{Carnegie Mellon University}},
  year         = {2025},
  howpublished = {\url{https://www.cs.cmu.edu/bs-in-artificial-intelligence}},
  note         = {Acesso em: 3 maio 2025}
}



@book{russell2022ia,
  author    = {Stuart J. Russell and Peter Norvig},
  title     = {Inteligência Artificial: Uma Abordagem Moderna},
  year      = {2022},
  publisher = {Pearson Brasil},
  edition   = {4},
  note      = {Tradução da 4ª edição norte-americana},
  isbn      = {9786555586821}
}



@misc{aiindex2025,
  author       = {Daniel Zhang and Jack Clark and Ray Perrault and Yoav Shoham and others},
  title        = {The AI Index 2025 Annual Report},
  year         = {2025},
  organization = {Stanford Institute for Human-Centered Artificial Intelligence},
  url          = {https://hai.stanford.edu/ai-index},
  note         = {Accessed: 2025-05-03}
}


@article{souza2015docentes,
  title={Os docentes da Universidade Federal do Cear{\'a} e a utiliza{\c{c}}{\~a}o de alguns dos recursos do sistema integrado de gest{\~a}o de atividades acad{\^e}mica (SIGAA)},
  author={Souza, Maria Naires Alves de and Monteiro, Andr{\'e} Jalles},
  journal={Ensaio: Avalia{\c{c}}{\~a}o e Pol{\'\i}ticas P{\'u}blicas em Educa{\c{c}}{\~a}o},
  volume={23},
  number={88},
  pages={611--630},
  year={2015},
  publisher={Funda{\c{c}}{\~a}o Cesgranrio}
}

@article{morin2016sete,
  title={Os Sete Saberes Necessarios a Educacao do Futuro.},
  author={Morin, Edgar},
  journal={Sustinere-Revista de Saude e Educacao},
  volume={4},
  number={1},
  pages={161--162},
  year={2016},
  publisher={Universidade do Estado do Rio de Janeiro-Uerj}
}

@Article{decreto_7234_2010,
  author       = {Brasil},
  title        = {Decreto nº 7.234, de 19 de julho de 2010},
  nota         = {Dispõe sobre o Programa Nacional de Assistência Estudantil - PNAES},

  journal      = {Diário Oficial da República Federativa do Brasil},
  year         = {2010},
  date         = {2010-07-19},
  organization = {Brasil},
  issn         = {1677-7042},
  url          = {https://www.planalto.gov.br/ccivil_03/_ato2007-2010/2010/decreto/d7234.htm},
  urldate      = {2017-02-24},
  address      = {Brasília, DF},
  shorttitle   = {Lei nº 7.234/2010},
  timestamp    = {2025-04-11},
}

@inproceedings{goncalves2013,
 author = {Enyo GonÇalves and Carla Bezerra and Camilo Almendra and Andreia Sampaio and Davi Vasconcelos},
 title = { Núcleo de Práticas em Informática: Contribuindo para a Formação em Sistemas de Informação Através do Desenvolvimento de Projetos de Software},
 booktitle = {Anais do XXI Workshop sobre Educação em Computação},
 location = {Maceió/AL},
 year = {2013},
 issn = {2595-6175},
 pages = {601--610},
 publisher = {SBC},
 address = {Porto Alegre, RS, Brasil}
}


@article{lamport1986latex,
    title={LaTEX: User's Guide \& Reference Manual},
    author={Lamport, Leslie},
    year={1986},
    publisher={Addison-Wesley}
}

@article{wessberg2000real,
	title={Real-time prediction of hand trajectory 
	by ensembles of cortical neurons in primates},
	author={Wessberg, Johan and Stambaugh, Christopher R and 
	Kralik,Jerald D and 
	Beck, Pamela D and Laubach, Mark and 
	Chapin, John K and Kim, Jung and Biggs, S James and 
	Srinivasan, Mandayam A and Nicolelis, Miguel AL},
	journal={Nature},
	volume={408},
	number={6810},
	pages={361--365},
	year={2000},
	publisher={Nature Publishing Group}
}

@book{knuth,
	title={The texbook},
	author={Knuth, D.E. and Bibby, D. and Makai, I.},
	volume={1993},
	year={1986},
	publisher={Addison-Wesley}
}

@misc{lamport,
	title={Document Preparation System},
	author={Lamport, L. and LaTEX, A.},
	year={1994},
	publisher={Addison-Wesley}
}

@MASTERSTHESIS{Almeida2018,
	author = {ALMEIDA, M. M. R.},
	TITLE = {Avaliação de métodos de estimativa da capacidade de carga de fundações diretas em solos não saturados. \text{\normalfont\ 2018. 144 f}},
	SCHOOL = {Centro de Tecnologia, Programa de Pós-Graduação em Engenharia Civil: Geotecnia, Universidade Federal do Ceará},
	YEAR = {2018},
	volume       = 4,
    series       = 5,
    address      = {Fortaleza},
	type = {Mestrado em Engenharia Civil},
}



@phdthesis{Gondim2017,
	author = {GONDIM, D. R.},
	TITLE = {Seleção de materiais com potencial aplicação na purificação de IgG humana. \text{\normalfont\ 2017. 164 f}},
	SCHOOL = {Centro de Tecnologia, Programa de Pós-Graduação em Engenharia Civil: Geotecnia, Universidade Federal do Ceará},
	YEAR = {2018},
	volume       = 4,
    series       = 5,
    address      = {Fortaleza},
	type = {Doutorado em Engenharia Química},
}

@article{mortalidade,
	title={Mortalidade neonatal: fatores de risco em um município no sul do Brasil},
	author={MARAM, E. and UCHIMURA, T. T.},
	journal={Rev. Eletr. Enf.},
	volume={10},
	number={1},
	pages={29-38},
	year={2008},
}

@inproceedings{Huetal2000,
	author = "J. Hu and H.R. Wu and A. Jennings and X. Wang",
	title = "Fast and robust equalization: A case study",
	booktitle = "Proceedings of the World Multiconference on Systemics, Cybernetics and Informatics, (SCI 2000), Florida, USA, 23-26 July 2000",
	publisher = "International Institute of Informatics and Systemics", 
	address = "FL, USA",
	pages = "398--403",
	year = "2000"
}

@book{rakov2003lightning,
    title={Lightning},
    subtitle={physics and effects},
    author={Rakov, Vladimir A and Uman, Martin A},
    year={2003},
    address = {[\textit{S. l.}]},
    publisher={Cambridge University Press}
}

@online{elat2015densidade,
    author = {GRUPO{ }DE{ }{E}LETRICIDADE{ }{A}TMOSFÉRICA},
    title = {Densidade de descargas atmosféricas para a terra (Ng)},
    year = 2015,
    url = {http://www.inpe.br/webelat/ABNT_NBR5419_Ng/},
    urlaccessdate = {28 jun. 2016},
    note={Dados publicados na ABNT NBR 5419-2:2015 -- Proteção contra descargas atmosféricas – Parte 2: Gerenciamento de risco}
}

@misc{secretaria1999,
    author = {{S}{\~a}o{ }{P}aulo{ }{(Estado)}},
    address={\textit{In}:\underline{\hspace{0.45in}}},
    booktitle={Entendendo o meio ambiente},
    organization={SÃO PAULO {(Estado). Secretaria do Meio Ambiente}},
    title={{\normalfont Secretaria do Meio Ambiente.} Tratados e organizações ambientais em matéria de meio
    ambiente},
    url={http://www.bdt.org.br/sma/entendendo/atual.htm},
    urlaccessdate={8 mar. 1999},
    volume={1},
    year={1999}
}



@manual{NBR10520:2002,
    address={Rio de Janeiro},
    month={out.},
    organization={ASSOCIAÇÃO{ }BRASILEIRA{ }DE{ }NORMAS{ }TÉCNICAS},
    org-short={ASSOCIAÇÃO{ }BRASILEIRA{ }DE{ }NORMAS{ }TÉCNICAS},
    title={{NBR} 10520},
    subtitle={Informação e documentação: citações em documentos: apresentação},
    year={2002}
}

@manual{manuais1989,
    author = {{S}{\~a}o{ }{P}aulo{ }{(Estado)}},
    address={São Paulo},
    organization={Secretaria do Meio Ambiente. Coordenadoria de Planejamento Ambiental},
    pages={48},
    title={{\normalfont Secretaria do Meio Ambiente. Coordenadoria de Planejamento Ambiental. } Estudo de impacto ambiental – EIA, Relatório de impacto ambiental – RIMA},
    subtitle={manual de orientação},
    series={Séries Manuais},
    year={1989}
}

@misc{UFC2012,
author = {{U}niversidade{ }{F}ederal{ }do{ }{C}ear{\'a}},
title = {Reitoria da {U}niversidade {F}ederal do {C}ear{\'a} },
year = {2012},
url = {http://www.ufc.br/contatos/2-a-universidade},
date = {2016},
urlaccessdate = {28 jul. 2016}
}

@misc{NASA2016,
author = { {A}dministra{\c{c}}{\~a}o{ }{N}acional{ }do{ }{E}spa{\c{c}}o{ }e{ }{A}eron{\'a}utica},
title = {{G}ráfico{ }da{ }{A}tmosfera{ }{S}uperior },
year = {2016},
url = {http://www.nasa.gov/mission_pages/sunearth/science/upper-atmosphere-graphic.html},
date = {2016},
urlaccessdate = {28 jul. 2016}
}

@book{goossens1994latex,
  title={The LATEX companion},
  author={Goossens, Michel and Mittelbach, Frank and Samarin, Alexander and Souidi, El Mamoun},
  volume={2},
  year={1994},
  address = {[\textit{S. l.}]},
  publisher={Addison-Wesley Reading, Massachusetts}
}


@article{feitosa2016,
	title={Complexas mediações},
	subtitle={transdisciplinaridade e incertezas nas recepções informacionais},
	author={L Feitosa},
	journal={Informação em Pauta},
	volume={1},
	number={1},
	pages={98-117},
	year={2016},
	publisher={Fortaleza} 
}

@book{LangtangenLogg2017,
 title = {Solving PDEs in Python},
 author = {Hans Petter Langtangen and Anders Logg},
 year = {2017},
 publisher = {Springer},
 doi = {10.1007/978-3-319-52462-7},
 address = {[\textit{S. l.}]},
 isbn = {978-3-319-52461-0},
}